%YAML 1.1
%TAG !u! tag:unity3d.com,2011:
--- !u!91 &9100000
AnimatorController:
  m_ObjectHideFlags: 0
  m_PrefabParentObject: {fileID: 0}
  m_PrefabInternal: {fileID: 0}
  m_Name: Spook Minion Controller
  serializedVersion: 5
  m_AnimatorParameters:
  - m_Name: Velocity
    m_Type: 1
    m_DefaultFloat: 0
    m_DefaultInt: 0
    m_DefaultBool: 0
    m_Controller: {fileID: 0}
  - m_Name: AttackHitTime
    m_Type: 1
    m_DefaultFloat: 0
    m_DefaultInt: 0
    m_DefaultBool: 0
    m_Controller: {fileID: 0}
  - m_Name: Motion
    m_Type: 9
    m_DefaultFloat: 0
    m_DefaultInt: 0
    m_DefaultBool: 0
    m_Controller: {fileID: 0}
  - m_Name: BasicAttack
    m_Type: 9
    m_DefaultFloat: 0
    m_DefaultInt: 0
    m_DefaultBool: 0
    m_Controller: {fileID: 0}
  - m_Name: Ability1
    m_Type: 9
    m_DefaultFloat: 0
    m_DefaultInt: 0
    m_DefaultBool: 0
    m_Controller: {fileID: 0}
  - m_Name: Ability2
    m_Type: 9
    m_DefaultFloat: 0
    m_DefaultInt: 0
    m_DefaultBool: 0
    m_Controller: {fileID: 0}
  - m_Name: Ability3
    m_Type: 9
    m_DefaultFloat: 0
    m_DefaultInt: 0
    m_DefaultBool: 0
    m_Controller: {fileID: 0}
  - m_Name: Ability3.End
    m_Type: 9
    m_DefaultFloat: 0
    m_DefaultInt: 0
    m_DefaultBool: 0
    m_Controller: {fileID: 0}
  - m_Name: Ability4
    m_Type: 9
    m_DefaultFloat: 0
    m_DefaultInt: 0
    m_DefaultBool: 0
    m_Controller: {fileID: 0}
  - m_Name: AttackSpeed
    m_Type: 1
    m_DefaultFloat: 1
    m_DefaultInt: 0
    m_DefaultBool: 0
    m_Controller: {fileID: 0}
  - m_Name: Dead
    m_Type: 4
    m_DefaultFloat: 0
    m_DefaultInt: 0
    m_DefaultBool: 0
    m_Controller: {fileID: 0}
  - m_Name: AbilityAngle
    m_Type: 1
    m_DefaultFloat: 0
    m_DefaultInt: 0
    m_DefaultBool: 0
    m_Controller: {fileID: 0}
  m_AnimatorLayers:
  - serializedVersion: 5
    m_Name: Base Layer
    m_StateMachine: {fileID: 110761064}
    m_Mask: {fileID: 0}
    m_Motions: []
    m_Behaviours: []
    m_BlendingMode: 0
    m_SyncedLayerIndex: -1
    m_DefaultWeight: 0
    m_IKPass: 0
    m_SyncedLayerAffectsTiming: 0
    m_Controller: {fileID: 9100000}
--- !u!1101 &110143594
AnimatorStateTransition:
  m_ObjectHideFlags: 1
  m_PrefabParentObject: {fileID: 0}
  m_PrefabInternal: {fileID: 0}
  m_Name: 
  m_Conditions: []
  m_DstStateMachine: {fileID: 0}
  m_DstState: {fileID: 0}
  m_Solo: 0
  m_Mute: 0
  m_IsExit: 0
  serializedVersion: 3
  m_TransitionDuration: 0.25
  m_TransitionOffset: 0
  m_ExitTime: 0.8333334
  m_HasExitTime: 1
  m_HasFixedDuration: 1
  m_InterruptionSource: 0
  m_OrderedInterruption: 1
  m_CanTransitionToSelf: 1
--- !u!1102 &110252496
AnimatorState:
  serializedVersion: 5
  m_ObjectHideFlags: 1
  m_PrefabParentObject: {fileID: 0}
  m_PrefabInternal: {fileID: 0}
  m_Name: Attack1
  m_Speed: 1
  m_CycleOffset: 0
  m_Transitions:
  - {fileID: 1101954080730131912}
  - {fileID: 1101446777564873302}
  - {fileID: 1101227411700915352}
  m_StateMachineBehaviours: []
  m_Position: {x: 50, y: 50, z: 0}
  m_IKOnFeet: 0
  m_WriteDefaultValues: 1
  m_Mirror: 0
  m_SpeedParameterActive: 1
  m_MirrorParameterActive: 0
  m_CycleOffsetParameterActive: 0
  m_TimeParameterActive: 0
  m_Motion: {fileID: 7400006, guid: cf962f12a3e0945dea1f8e32cfeb0f2e, type: 3}
  m_Tag: 
  m_SpeedParameter: AttackSpeed
  m_MirrorParameter: 
  m_CycleOffsetParameter: 
  m_TimeParameter: 
--- !u!1107 &110761064
AnimatorStateMachine:
  serializedVersion: 5
  m_ObjectHideFlags: 1
  m_PrefabParentObject: {fileID: 0}
  m_PrefabInternal: {fileID: 0}
  m_Name: Base Layer
  m_ChildStates:
  - serializedVersion: 1
    m_State: {fileID: 110252496}
    m_Position: {x: 192, y: -156, z: 0}
  - serializedVersion: 1
    m_State: {fileID: 1102802728165192630}
    m_Position: {x: 192, y: -36, z: 0}
  - serializedVersion: 1
    m_State: {fileID: 1102069863116186260}
    m_Position: {x: 613, y: -126, z: 0}
  m_ChildStateMachines:
  - serializedVersion: 1
    m_StateMachine: {fileID: 1107876943808228032}
    m_Position: {x: 408, y: 132, z: 0}
  m_AnyStateTransitions:
  - {fileID: 1101329323881674524}
  - {fileID: 1101527073951211996}
  m_EntryTransitions:
  - {fileID: 1109185546213825574}
  m_StateMachineTransitions: {}
  m_StateMachineBehaviours: []
  m_AnyStatePosition: {x: 432, y: -228, z: 0}
  m_EntryPosition: {x: 204, y: 144, z: 0}
  m_ExitPosition: {x: 252, y: 216, z: 0}
  m_ParentStateMachinePosition: {x: 800, y: 20, z: 0}
  m_DefaultState: {fileID: 1102651129015131426}
--- !u!1109 &110902176
AnimatorTransition:
  m_ObjectHideFlags: 1
  m_PrefabParentObject: {fileID: 0}
  m_PrefabInternal: {fileID: 0}
  m_Name: 
  m_Conditions: []
  m_DstStateMachine: {fileID: 0}
  m_DstState: {fileID: 0}
  m_Solo: 0
  m_Mute: 0
  m_IsExit: 0
  serializedVersion: 1
--- !u!114 &114724512912478072
MonoBehaviour:
  m_ObjectHideFlags: 3
  m_PrefabParentObject: {fileID: 0}
  m_PrefabInternal: {fileID: 0}
  m_GameObject: {fileID: 0}
  m_Enabled: 1
  m_EditorHideFlags: 0
  m_Script: {fileID: 11500000, guid: 3863b5b1fa074424d810b2f479fa702f, type: 3}
  m_Name: 
  m_EditorClassIdentifier: 
--- !u!206 &206457743371636706
BlendTree:
  m_ObjectHideFlags: 3
  m_PrefabParentObject: {fileID: 0}
  m_PrefabInternal: {fileID: 0}
  m_Name: Motion
  m_Childs:
  - serializedVersion: 2
    m_Motion: {fileID: 7400008, guid: 9c0ac0310e74a2b4bb39592e26b50bd5, type: 3}
    m_Threshold: 0
    m_Position: {x: 0, y: 0}
    m_TimeScale: 1
    m_CycleOffset: 0
    m_DirectBlendParameter: Speed
    m_Mirror: 0
  - serializedVersion: 2
    m_Motion: {fileID: 7400010, guid: 9c0ac0310e74a2b4bb39592e26b50bd5, type: 3}
    m_Threshold: 0.1
    m_Position: {x: 0, y: 0}
    m_TimeScale: 0.3
    m_CycleOffset: 0
    m_DirectBlendParameter: Speed
    m_Mirror: 0
  - serializedVersion: 2
    m_Motion: {fileID: 7400010, guid: 9c0ac0310e74a2b4bb39592e26b50bd5, type: 3}
    m_Threshold: 3.3
    m_Position: {x: 0, y: 0}
    m_TimeScale: 0.9
    m_CycleOffset: 0
    m_DirectBlendParameter: Velocity
    m_Mirror: 0
  - serializedVersion: 2
    m_Motion: {fileID: 7400010, guid: 9c0ac0310e74a2b4bb39592e26b50bd5, type: 3}
    m_Threshold: 4.5
    m_Position: {x: 0, y: 0}
    m_TimeScale: 1.5
    m_CycleOffset: 0
    m_DirectBlendParameter: Velocity
    m_Mirror: 0
  m_BlendParameter: Velocity
  m_BlendParameterY: Speed
  m_MinThreshold: 0
  m_MaxThreshold: 4.5
  m_UseAutomaticThresholds: 0
  m_NormalizedBlendValues: 0
  m_BlendType: 0
--- !u!206 &206825330652365906
BlendTree:
  m_ObjectHideFlags: 3
  m_PrefabParentObject: {fileID: 0}
  m_PrefabInternal: {fileID: 0}
  m_Name: Motion
  m_Childs:
  - serializedVersion: 2
    m_Motion: {fileID: 7400002, guid: cf962f12a3e0945dea1f8e32cfeb0f2e, type: 3}
    m_Threshold: 0.05
    m_Position: {x: 0, y: 0}
    m_TimeScale: 0.3
    m_CycleOffset: 0
    m_DirectBlendParameter: Speed
    m_Mirror: 0
  - serializedVersion: 2
    m_Motion: {fileID: 7400002, guid: cf962f12a3e0945dea1f8e32cfeb0f2e, type: 3}
    m_Threshold: 3.3
    m_Position: {x: 0, y: 0}
    m_TimeScale: 0.9
    m_CycleOffset: 0
    m_DirectBlendParameter: Velocity
    m_Mirror: 0
  - serializedVersion: 2
    m_Motion: {fileID: 7400002, guid: cf962f12a3e0945dea1f8e32cfeb0f2e, type: 3}
    m_Threshold: 4.5
    m_Position: {x: 0, y: 0}
    m_TimeScale: 1.5
    m_CycleOffset: 0
    m_DirectBlendParameter: Velocity
    m_Mirror: 0
  m_BlendParameter: Velocity
  m_BlendParameterY: Speed
  m_MinThreshold: 0.05
  m_MaxThreshold: 4.5
  m_UseAutomaticThresholds: 0
  m_NormalizedBlendValues: 0
  m_BlendType: 0
--- !u!1101 &1101000011865168288
AnimatorStateTransition:
  m_ObjectHideFlags: 3
  m_PrefabParentObject: {fileID: 0}
  m_PrefabInternal: {fileID: 0}
  m_Name: 
  m_Conditions: []
  m_DstStateMachine: {fileID: 0}
  m_DstState: {fileID: 0}
  m_Solo: 0
  m_Mute: 0
  m_IsExit: 0
  serializedVersion: 3
  m_TransitionDuration: 0
  m_TransitionOffset: 0
  m_ExitTime: 0
  m_HasExitTime: 1
  m_HasFixedDuration: 0
  m_InterruptionSource: 2
  m_OrderedInterruption: 1
  m_CanTransitionToSelf: 1
--- !u!1101 &1101075196404028362
AnimatorStateTransition:
  m_ObjectHideFlags: 3
  m_PrefabParentObject: {fileID: 0}
  m_PrefabInternal: {fileID: 0}
  m_Name: 
  m_Conditions:
  - m_ConditionMode: 1
    m_ConditionEvent: BasicAttack
    m_EventTreshold: 0
  m_DstStateMachine: {fileID: 0}
  m_DstState: {fileID: 110252496}
  m_Solo: 0
  m_Mute: 0
  m_IsExit: 0
  serializedVersion: 3
  m_TransitionDuration: 0.1
  m_TransitionOffset: 0
  m_ExitTime: 0.58131534
  m_HasExitTime: 1
  m_HasFixedDuration: 0
  m_InterruptionSource: 0
  m_OrderedInterruption: 1
  m_CanTransitionToSelf: 1
--- !u!1101 &1101139284941473144
AnimatorStateTransition:
  m_ObjectHideFlags: 3
  m_PrefabParentObject: {fileID: 0}
  m_PrefabInternal: {fileID: 0}
  m_Name: 
  m_Conditions: []
  m_DstStateMachine: {fileID: 0}
  m_DstState: {fileID: 1102545658722291256}
  m_Solo: 0
  m_Mute: 0
  m_IsExit: 0
  serializedVersion: 3
  m_TransitionDuration: 0.25
  m_TransitionOffset: 0
  m_ExitTime: 0.90625
  m_HasExitTime: 1
  m_HasFixedDuration: 1
  m_InterruptionSource: 0
  m_OrderedInterruption: 1
  m_CanTransitionToSelf: 1
--- !u!1101 &1101173345239878632
AnimatorStateTransition:
  m_ObjectHideFlags: 3
  m_PrefabParentObject: {fileID: 0}
  m_PrefabInternal: {fileID: 0}
  m_Name: 
  m_Conditions: []
  m_DstStateMachine: {fileID: 0}
  m_DstState: {fileID: 1102132812037393898}
  m_Solo: 0
  m_Mute: 0
  m_IsExit: 0
  serializedVersion: 3
  m_TransitionDuration: 0
  m_TransitionOffset: 0
  m_ExitTime: 0.00000000965044
  m_HasExitTime: 1
  m_HasFixedDuration: 1
  m_InterruptionSource: 2
  m_OrderedInterruption: 1
  m_CanTransitionToSelf: 1
--- !u!1101 &1101227411700915352
AnimatorStateTransition:
  m_ObjectHideFlags: 1
  m_PrefabParentObject: {fileID: 0}
  m_PrefabInternal: {fileID: 0}
  m_Name: 
  m_Conditions:
  - m_ConditionMode: 1
    m_ConditionEvent: BasicAttack
    m_EventTreshold: 0
  m_DstStateMachine: {fileID: 0}
  m_DstState: {fileID: 1102802728165192630}
  m_Solo: 0
  m_Mute: 0
  m_IsExit: 0
  serializedVersion: 3
  m_TransitionDuration: 0
  m_TransitionOffset: 0.0140071
  m_ExitTime: 1.0020292
  m_HasExitTime: 0
  m_HasFixedDuration: 0
  m_InterruptionSource: 2
  m_OrderedInterruption: 1
  m_CanTransitionToSelf: 1
--- !u!1101 &1101283399501550296
AnimatorStateTransition:
  m_ObjectHideFlags: 3
  m_PrefabParentObject: {fileID: 0}
  m_PrefabInternal: {fileID: 0}
  m_Name: 
  m_Conditions:
  - m_ConditionMode: 4
    m_ConditionEvent: Velocity
    m_EventTreshold: 0.05
  m_DstStateMachine: {fileID: 0}
  m_DstState: {fileID: 0}
  m_Solo: 0
  m_Mute: 0
  m_IsExit: 0
  serializedVersion: 3
  m_TransitionDuration: 0.25
  m_TransitionOffset: 0
  m_ExitTime: 0.82857144
  m_HasExitTime: 0
  m_HasFixedDuration: 1
  m_InterruptionSource: 0
  m_OrderedInterruption: 1
  m_CanTransitionToSelf: 1
--- !u!1101 &1101308345063781718
AnimatorStateTransition:
  m_ObjectHideFlags: 1
  m_PrefabParentObject: {fileID: 0}
  m_PrefabInternal: {fileID: 0}
  m_Name: 
  m_Conditions: []
  m_DstStateMachine: {fileID: 0}
  m_DstState: {fileID: 0}
  m_Solo: 0
  m_Mute: 0
  m_IsExit: 0
  serializedVersion: 3
  m_TransitionDuration: 0.25
  m_TransitionOffset: 0
  m_ExitTime: 0.8101266
  m_HasExitTime: 1
  m_HasFixedDuration: 1
  m_InterruptionSource: 0
  m_OrderedInterruption: 1
  m_CanTransitionToSelf: 1
--- !u!1101 &1101329323881674524
AnimatorStateTransition:
  m_ObjectHideFlags: 1
  m_PrefabParentObject: {fileID: 0}
  m_PrefabInternal: {fileID: 0}
  m_Name: 
  m_Conditions:
  - m_ConditionMode: 1
    m_ConditionEvent: BasicAttack
    m_EventTreshold: 0
  m_DstStateMachine: {fileID: 0}
  m_DstState: {fileID: 110252496}
  m_Solo: 0
  m_Mute: 0
  m_IsExit: 0
  serializedVersion: 3
  m_TransitionDuration: 0.05
  m_TransitionOffset: 0
  m_ExitTime: 0.9463751
  m_HasExitTime: 0
  m_HasFixedDuration: 0
  m_InterruptionSource: 0
  m_OrderedInterruption: 1
  m_CanTransitionToSelf: 0
--- !u!1101 &1101446777564873302
AnimatorStateTransition:
  m_ObjectHideFlags: 1
  m_PrefabParentObject: {fileID: 0}
  m_PrefabInternal: {fileID: 0}
  m_Name: 
  m_Conditions:
  - m_ConditionMode: 3
    m_ConditionEvent: Velocity
    m_EventTreshold: 0.05
  m_DstStateMachine: {fileID: 0}
  m_DstState: {fileID: 1102545658722291256}
  m_Solo: 0
  m_Mute: 0
  m_IsExit: 0
  serializedVersion: 3
  m_TransitionDuration: 0.25
  m_TransitionOffset: 0
  m_ExitTime: 0.78268975
  m_HasExitTime: 0
  m_HasFixedDuration: 0
  m_InterruptionSource: 0
  m_OrderedInterruption: 1
  m_CanTransitionToSelf: 1
--- !u!1101 &1101448043198022008
AnimatorStateTransition:
  m_ObjectHideFlags: 1
  m_PrefabParentObject: {fileID: 0}
  m_PrefabInternal: {fileID: 0}
  m_Name: 
  m_Conditions: []
  m_DstStateMachine: {fileID: 0}
  m_DstState: {fileID: 1102269182906146422}
  m_Solo: 0
  m_Mute: 0
  m_IsExit: 0
  serializedVersion: 3
  m_TransitionDuration: 0.1
  m_TransitionOffset: 0
  m_ExitTime: 0.9
  m_HasExitTime: 0
  m_HasFixedDuration: 1
  m_InterruptionSource: 0
  m_OrderedInterruption: 1
  m_CanTransitionToSelf: 1
--- !u!1101 &1101499043387024766
AnimatorStateTransition:
  m_ObjectHideFlags: 1
  m_PrefabParentObject: {fileID: 0}
  m_PrefabInternal: {fileID: 0}
  m_Name: 
  m_Conditions:
  - m_ConditionMode: 3
    m_ConditionEvent: Velocity
    m_EventTreshold: 0.05
  m_DstStateMachine: {fileID: 0}
  m_DstState: {fileID: 1102545658722291256}
  m_Solo: 0
  m_Mute: 0
  m_IsExit: 0
  serializedVersion: 3
  m_TransitionDuration: 0.25
  m_TransitionOffset: 0
  m_ExitTime: 0.925
  m_HasExitTime: 0
  m_HasFixedDuration: 1
  m_InterruptionSource: 0
  m_OrderedInterruption: 1
  m_CanTransitionToSelf: 1
--- !u!1101 &1101502147188726382
AnimatorStateTransition:
  m_ObjectHideFlags: 3
  m_PrefabParentObject: {fileID: 0}
  m_PrefabInternal: {fileID: 0}
  m_Name: 
  m_Conditions:
  - m_ConditionMode: 1
    m_ConditionEvent: Ability2
    m_EventTreshold: 0
  m_DstStateMachine: {fileID: 0}
  m_DstState: {fileID: 1102269182906146422}
  m_Solo: 0
  m_Mute: 0
  m_IsExit: 0
  serializedVersion: 3
  m_TransitionDuration: 0.25
  m_TransitionOffset: 0
  m_ExitTime: 0.82857144
  m_HasExitTime: 0
  m_HasFixedDuration: 1
  m_InterruptionSource: 0
  m_OrderedInterruption: 1
  m_CanTransitionToSelf: 1
--- !u!1101 &1101527073951211996
AnimatorStateTransition:
  m_ObjectHideFlags: 1
  m_PrefabParentObject: {fileID: 0}
  m_PrefabInternal: {fileID: 0}
  m_Name: 
  m_Conditions:
  - m_ConditionMode: 1
    m_ConditionEvent: Dead
    m_EventTreshold: 0
  m_DstStateMachine: {fileID: 0}
  m_DstState: {fileID: 1102069863116186260}
  m_Solo: 0
  m_Mute: 0
  m_IsExit: 0
  serializedVersion: 3
  m_TransitionDuration: 0.25
  m_TransitionOffset: 0
  m_ExitTime: 0.75
  m_HasExitTime: 0
  m_HasFixedDuration: 1
  m_InterruptionSource: 0
  m_OrderedInterruption: 1
  m_CanTransitionToSelf: 0
--- !u!1101 &1101551828759182556
AnimatorStateTransition:
  m_ObjectHideFlags: 3
  m_PrefabParentObject: {fileID: 0}
  m_PrefabInternal: {fileID: 0}
  m_Name: 
  m_Conditions: []
  m_DstStateMachine: {fileID: 0}
  m_DstState: {fileID: 1102651129015131426}
  m_Solo: 0
  m_Mute: 0
  m_IsExit: 0
  serializedVersion: 3
  m_TransitionDuration: 0.25
  m_TransitionOffset: 0
  m_ExitTime: 0.90625
  m_HasExitTime: 1
  m_HasFixedDuration: 1
  m_InterruptionSource: 0
  m_OrderedInterruption: 1
  m_CanTransitionToSelf: 1
--- !u!1101 &1101599419550935196
AnimatorStateTransition:
  m_ObjectHideFlags: 3
  m_PrefabParentObject: {fileID: 0}
  m_PrefabInternal: {fileID: 0}
  m_Name: 
  m_Conditions:
  - m_ConditionMode: 1
    m_ConditionEvent: BasicAttack
    m_EventTreshold: 0
  m_DstStateMachine: {fileID: 0}
  m_DstState: {fileID: 1102102312431323328}
  m_Solo: 0
  m_Mute: 0
  m_IsExit: 0
  serializedVersion: 3
  m_TransitionDuration: 0.25
  m_TransitionOffset: 0
  m_ExitTime: 0.1
  m_HasExitTime: 0
  m_HasFixedDuration: 1
  m_InterruptionSource: 0
  m_OrderedInterruption: 1
  m_CanTransitionToSelf: 1
--- !u!1101 &1101693319036471972
AnimatorStateTransition:
  m_ObjectHideFlags: 3
  m_PrefabParentObject: {fileID: 0}
  m_PrefabInternal: {fileID: 0}
  m_Name: 
  m_Conditions: []
  m_DstStateMachine: {fileID: 0}
  m_DstState: {fileID: 1102132812037393898}
  m_Solo: 0
  m_Mute: 0
  m_IsExit: 0
  serializedVersion: 3
  m_TransitionDuration: 0.1
  m_TransitionOffset: 0.1
  m_ExitTime: 0.70000005
  m_HasExitTime: 1
  m_HasFixedDuration: 1
  m_InterruptionSource: 0
  m_OrderedInterruption: 1
  m_CanTransitionToSelf: 1
--- !u!1101 &1101708593770082264
AnimatorStateTransition:
  m_ObjectHideFlags: 1
  m_PrefabParentObject: {fileID: 0}
  m_PrefabInternal: {fileID: 0}
  m_Name: 
  m_Conditions:
  - m_ConditionMode: 3
    m_ConditionEvent: Velocity
    m_EventTreshold: 0.05
  m_DstStateMachine: {fileID: 0}
  m_DstState: {fileID: 1102545658722291256}
  m_Solo: 0
  m_Mute: 0
  m_IsExit: 0
  serializedVersion: 3
  m_TransitionDuration: 0.25
  m_TransitionOffset: 0
  m_ExitTime: 0.90625
  m_HasExitTime: 0
  m_HasFixedDuration: 0
  m_InterruptionSource: 0
  m_OrderedInterruption: 1
  m_CanTransitionToSelf: 1
--- !u!1101 &1101717738233579542
AnimatorStateTransition:
  m_ObjectHideFlags: 1
  m_PrefabParentObject: {fileID: 0}
  m_PrefabInternal: {fileID: 0}
  m_Name: 
  m_Conditions:
  - m_ConditionMode: 4
    m_ConditionEvent: Velocity
    m_EventTreshold: 0.05
  m_DstStateMachine: {fileID: 0}
  m_DstState: {fileID: 1102651129015131426}
  m_Solo: 0
  m_Mute: 0
  m_IsExit: 0
  serializedVersion: 3
  m_TransitionDuration: 0.25
  m_TransitionOffset: 0
  m_ExitTime: 0.7
  m_HasExitTime: 0
  m_HasFixedDuration: 1
  m_InterruptionSource: 0
  m_OrderedInterruption: 1
  m_CanTransitionToSelf: 1
--- !u!1101 &1101722198894503006
AnimatorStateTransition:
  m_ObjectHideFlags: 3
  m_PrefabParentObject: {fileID: 0}
  m_PrefabInternal: {fileID: 0}
  m_Name: 
  m_Conditions: []
  m_DstStateMachine: {fileID: 0}
  m_DstState: {fileID: 1102269182906146422}
  m_Solo: 0
  m_Mute: 0
  m_IsExit: 0
  serializedVersion: 3
  m_TransitionDuration: 0.25
  m_TransitionOffset: 0
  m_ExitTime: 0.70000005
  m_HasExitTime: 1
  m_HasFixedDuration: 1
  m_InterruptionSource: 0
  m_OrderedInterruption: 1
  m_CanTransitionToSelf: 1
--- !u!1101 &1101797951291623754
AnimatorStateTransition:
  m_ObjectHideFlags: 1
  m_PrefabParentObject: {fileID: 0}
  m_PrefabInternal: {fileID: 0}
  m_Name: 
  m_Conditions: []
  m_DstStateMachine: {fileID: 0}
  m_DstState: {fileID: 0}
  m_Solo: 0
  m_Mute: 0
  m_IsExit: 0
  serializedVersion: 3
  m_TransitionDuration: 0.1
  m_TransitionOffset: 0
  m_ExitTime: 0.9
  m_HasExitTime: 0
  m_HasFixedDuration: 1
  m_InterruptionSource: 0
  m_OrderedInterruption: 1
  m_CanTransitionToSelf: 1
--- !u!1101 &1101954080730131912
AnimatorStateTransition:
  m_ObjectHideFlags: 1
  m_PrefabParentObject: {fileID: 0}
  m_PrefabInternal: {fileID: 0}
  m_Name: 
  m_Conditions: []
  m_DstStateMachine: {fileID: 0}
  m_DstState: {fileID: 1102651129015131426}
  m_Solo: 0
  m_Mute: 0
  m_IsExit: 0
  serializedVersion: 3
  m_TransitionDuration: 0.25
  m_TransitionOffset: 0
  m_ExitTime: 1
  m_HasExitTime: 1
  m_HasFixedDuration: 1
  m_InterruptionSource: 0
  m_OrderedInterruption: 1
  m_CanTransitionToSelf: 1
--- !u!1101 &1101997984498172218
AnimatorStateTransition:
  m_ObjectHideFlags: 1
  m_PrefabParentObject: {fileID: 0}
  m_PrefabInternal: {fileID: 0}
  m_Name: 
  m_Conditions: []
  m_DstStateMachine: {fileID: 0}
  m_DstState: {fileID: 1102651129015131426}
  m_Solo: 0
  m_Mute: 0
  m_IsExit: 0
  serializedVersion: 3
  m_TransitionDuration: 0.25
  m_TransitionOffset: 0
  m_ExitTime: 1
  m_HasExitTime: 1
  m_HasFixedDuration: 1
  m_InterruptionSource: 0
  m_OrderedInterruption: 1
  m_CanTransitionToSelf: 1
--- !u!1102 &1102069863116186260
AnimatorState:
  serializedVersion: 5
  m_ObjectHideFlags: 1
  m_PrefabParentObject: {fileID: 0}
  m_PrefabInternal: {fileID: 0}
  m_Name: Death
  m_Speed: 1
  m_CycleOffset: 0
  m_Transitions: []
  m_StateMachineBehaviours: []
  m_Position: {x: 50, y: 50, z: 0}
  m_IKOnFeet: 0
  m_WriteDefaultValues: 1
  m_Mirror: 0
  m_SpeedParameterActive: 0
  m_MirrorParameterActive: 0
  m_CycleOffsetParameterActive: 0
  m_TimeParameterActive: 0
  m_Motion: {fileID: 7400010, guid: cf962f12a3e0945dea1f8e32cfeb0f2e, type: 3}
  m_Tag: 
  m_SpeedParameter: 
  m_MirrorParameter: 
  m_CycleOffsetParameter: 
  m_TimeParameter: 
--- !u!1102 &1102102312431323328
AnimatorState:
  serializedVersion: 5
  m_ObjectHideFlags: 3
  m_PrefabParentObject: {fileID: 0}
  m_PrefabInternal: {fileID: 0}
  m_Name: BasicAttack
  m_Speed: 2
  m_CycleOffset: 0
  m_Transitions:
  - {fileID: 1101693319036471972}
  - {fileID: 1101722198894503006}
  m_StateMachineBehaviours: []
  m_Position: {x: 50, y: 50, z: 0}
  m_IKOnFeet: 0
  m_WriteDefaultValues: 1
  m_Mirror: 0
  m_SpeedParameterActive: 0
  m_MirrorParameterActive: 0
  m_CycleOffsetParameterActive: 0
  m_TimeParameterActive: 0
  m_Motion: {fileID: 7400000, guid: 9c0ac0310e74a2b4bb39592e26b50bd5, type: 3}
  m_Tag: 
  m_SpeedParameter: 
  m_MirrorParameter: 
  m_CycleOffsetParameter: 
  m_TimeParameter: 
--- !u!1102 &1102132812037393898
AnimatorState:
  serializedVersion: 5
  m_ObjectHideFlags: 3
  m_PrefabParentObject: {fileID: 0}
  m_PrefabInternal: {fileID: 0}
  m_Name: Motion
  m_Speed: 1
  m_CycleOffset: 0
  m_Transitions:
  - {fileID: 1101599419550935196}
  - {fileID: 1101502147188726382}
  m_StateMachineBehaviours: []
  m_Position: {x: 50, y: 50, z: 0}
  m_IKOnFeet: 0
  m_WriteDefaultValues: 1
  m_Mirror: 0
  m_SpeedParameterActive: 0
  m_MirrorParameterActive: 0
  m_CycleOffsetParameterActive: 0
  m_TimeParameterActive: 0
  m_Motion: {fileID: 206457743371636706}
  m_Tag: 
  m_SpeedParameter: 
  m_MirrorParameter: 
  m_CycleOffsetParameter: 
  m_TimeParameter: 
--- !u!1102 &1102269182906146422
AnimatorState:
  serializedVersion: 5
  m_ObjectHideFlags: 3
  m_PrefabParentObject: {fileID: 0}
  m_PrefabInternal: {fileID: 0}
  m_Name: Ability2
  m_Speed: 2
  m_CycleOffset: 0
  m_Transitions:
  - {fileID: 1101173345239878632}
  m_StateMachineBehaviours:
  - {fileID: 114724512912478072}
  m_Position: {x: 50, y: 50, z: 0}
  m_IKOnFeet: 0
  m_WriteDefaultValues: 1
  m_Mirror: 0
  m_SpeedParameterActive: 0
  m_MirrorParameterActive: 0
  m_CycleOffsetParameterActive: 0
  m_TimeParameterActive: 0
  m_Motion: {fileID: 7400014, guid: 9c0ac0310e74a2b4bb39592e26b50bd5, type: 3}
  m_Tag: 
  m_SpeedParameter: 
  m_MirrorParameter: 
  m_CycleOffsetParameter: 
  m_TimeParameter: 
--- !u!1102 &1102335094651611682
AnimatorState:
  serializedVersion: 5
  m_ObjectHideFlags: 1
  m_PrefabParentObject: {fileID: 0}
  m_PrefabInternal: {fileID: 0}
  m_Name: NibraArmature|nibra_idle
  m_Speed: 1
  m_CycleOffset: 0
  m_Transitions: []
  m_StateMachineBehaviours: []
  m_Position: {x: 50, y: 50, z: 0}
  m_IKOnFeet: 0
  m_WriteDefaultValues: 1
  m_Mirror: 0
  m_SpeedParameterActive: 0
  m_MirrorParameterActive: 0
  m_CycleOffsetParameterActive: 0
  m_TimeParameterActive: 0
  m_Motion: {fileID: 0}
  m_Tag: 
  m_SpeedParameter: 
  m_MirrorParameter: 
  m_CycleOffsetParameter: 
  m_TimeParameter: 
--- !u!1102 &1102545658722291256
AnimatorState:
  serializedVersion: 5
  m_ObjectHideFlags: 3
  m_PrefabParentObject: {fileID: 0}
  m_PrefabInternal: {fileID: 0}
  m_Name: Motion
  m_Speed: 1
  m_CycleOffset: 0
  m_Transitions:
  - {fileID: 1101717738233579542}
  m_StateMachineBehaviours: []
  m_Position: {x: 50, y: 50, z: 0}
  m_IKOnFeet: 0
  m_WriteDefaultValues: 1
  m_Mirror: 0
  m_SpeedParameterActive: 0
  m_MirrorParameterActive: 0
  m_CycleOffsetParameterActive: 0
  m_TimeParameterActive: 0
  m_Motion: {fileID: 206825330652365906}
  m_Tag: 
  m_SpeedParameter: 
  m_MirrorParameter: 
  m_CycleOffsetParameter: 
  m_TimeParameter: 
--- !u!1102 &1102651129015131426
AnimatorState:
  serializedVersion: 5
  m_ObjectHideFlags: 1
  m_PrefabParentObject: {fileID: 0}
  m_PrefabInternal: {fileID: 0}
  m_Name: Idle
  m_Speed: 1
  m_CycleOffset: 0
  m_Transitions:
  - {fileID: 1101499043387024766}
  m_StateMachineBehaviours: []
  m_Position: {x: 50, y: 50, z: 0}
  m_IKOnFeet: 0
  m_WriteDefaultValues: 1
  m_Mirror: 0
  m_SpeedParameterActive: 0
  m_MirrorParameterActive: 0
  m_CycleOffsetParameterActive: 0
  m_TimeParameterActive: 0
  m_Motion: {fileID: 7400006, guid: c6ce55c17be5547ee9900a16207bbec0, type: 3}
  m_Tag: 
  m_SpeedParameter: 
  m_MirrorParameter: 
  m_CycleOffsetParameter: 
  m_TimeParameter: 
--- !u!1102 &1102707608869045016
AnimatorState:
  serializedVersion: 5
  m_ObjectHideFlags: 1
  m_PrefabParentObject: {fileID: 0}
  m_PrefabInternal: {fileID: 0}
  m_Name: NibraArmature|nibra_run
  m_Speed: 1
  m_CycleOffset: 0
  m_Transitions: []
  m_StateMachineBehaviours: []
  m_Position: {x: 50, y: 50, z: 0}
  m_IKOnFeet: 0
  m_WriteDefaultValues: 1
  m_Mirror: 0
  m_SpeedParameterActive: 0
  m_MirrorParameterActive: 0
  m_CycleOffsetParameterActive: 0
  m_TimeParameterActive: 0
  m_Motion: {fileID: 0}
  m_Tag: 
  m_SpeedParameter: 
  m_MirrorParameter: 
  m_CycleOffsetParameter: 
  m_TimeParameter: 
--- !u!1102 &1102802728165192630
AnimatorState:
  serializedVersion: 5
  m_ObjectHideFlags: 1
  m_PrefabParentObject: {fileID: 0}
  m_PrefabInternal: {fileID: 0}
  m_Name: Attack2
  m_Speed: 1
  m_CycleOffset: 0
  m_Transitions:
  - {fileID: 1101997984498172218}
  - {fileID: 1101708593770082264}
  m_StateMachineBehaviours: []
  m_Position: {x: 50, y: 50, z: 0}
  m_IKOnFeet: 0
  m_WriteDefaultValues: 1
  m_Mirror: 0
  m_SpeedParameterActive: 1
  m_MirrorParameterActive: 0
  m_CycleOffsetParameterActive: 0
  m_TimeParameterActive: 0
  m_Motion: {fileID: 7400008, guid: cf962f12a3e0945dea1f8e32cfeb0f2e, type: 3}
  m_Tag: 
  m_SpeedParameter: AttackSpeed
  m_MirrorParameter: 
  m_CycleOffsetParameter: 
  m_TimeParameter: 
--- !u!1107 &1107026801420750164
AnimatorStateMachine:
  serializedVersion: 5
  m_ObjectHideFlags: 3
  m_PrefabParentObject: {fileID: 0}
  m_PrefabInternal: {fileID: 0}
  m_Name: Base Layer
  m_ChildStates:
  - serializedVersion: 1
    m_State: {fileID: 1102102312431323328}
    m_Position: {x: 36, y: -156, z: 0}
  - serializedVersion: 1
    m_State: {fileID: 1102132812037393898}
    m_Position: {x: 36, y: -60, z: 0}
  - serializedVersion: 1
    m_State: {fileID: 1102269182906146422}
    m_Position: {x: 288, y: -60, z: 0}
  m_ChildStateMachines: []
  m_AnyStateTransitions: []
  m_EntryTransitions: []
  m_StateMachineTransitions: {}
  m_StateMachineBehaviours: []
  m_AnyStatePosition: {x: 432, y: -240, z: 0}
  m_EntryPosition: {x: 60, y: 12, z: 0}
  m_ExitPosition: {x: 60, y: -228, z: 0}
  m_ParentStateMachinePosition: {x: 800, y: 20, z: 0}
  m_DefaultState: {fileID: 1102132812037393898}
--- !u!1107 &1107876943808228032
AnimatorStateMachine:
  serializedVersion: 5
  m_ObjectHideFlags: 1
  m_PrefabParentObject: {fileID: 0}
  m_PrefabInternal: {fileID: 0}
  m_Name: Motion
  m_ChildStates:
  - serializedVersion: 1
    m_State: {fileID: 1102651129015131426}
    m_Position: {x: 288, y: 144, z: 0}
  - serializedVersion: 1
    m_State: {fileID: 1102545658722291256}
    m_Position: {x: 516, y: 144, z: 0}
  m_ChildStateMachines: []
  m_AnyStateTransitions: []
  m_EntryTransitions: []
  m_StateMachineTransitions: {}
  m_StateMachineBehaviours: []
  m_AnyStatePosition: {x: 50, y: 20, z: 0}
  m_EntryPosition: {x: 50, y: 120, z: 0}
  m_ExitPosition: {x: 800, y: 120, z: 0}
  m_ParentStateMachinePosition: {x: 420, y: 12, z: 0}
  m_DefaultState: {fileID: 1102651129015131426}
--- !u!1109 &1109185546213825574
AnimatorTransition:
  m_ObjectHideFlags: 1
  m_PrefabParentObject: {fileID: 0}
  m_PrefabInternal: {fileID: 0}
  m_Name: 
  m_Conditions: []
  m_DstStateMachine: {fileID: 0}
  m_DstState: {fileID: 1102651129015131426}
  m_Solo: 0
  m_Mute: 0
  m_IsExit: 0
  serializedVersion: 1
